@book{joot2019relativistic,
  author = {Peeter Joot},
  title = {Relativistic Electrodynamics},
  year = {2019},
  note = {Notes and problems from UofT PHY450H1S 2011},
  url = {https://peeterjoot.com/archives/math2023/phy450.V0.1.12-3.pdf}
}

@book{joot2018geometric,
  title     = {Geometric Algebra for Electrical Engineers},
  author    = {Peeter Joot},
  year      = {2018},
  month     = {April},
  version   = {V0.3.5},
  url       = {https://peeterjoot.com/archives/math2023/GAelectrodynamics.color.V0.3.5.pdf},
}

@book{susceptibility_Popov2012,
  author    = {S.V. Popov and Y.P. Svirko and N.I. Zheludev},
  title     = {Susceptibility Tensors for Nonlinear Optics},
  series    = {Series in Optics and Optoelectronics},
  edition   = {1st},
  year      = {2012},
  publisher = {CRC Press},
}

@book{KaertnerUltrafastOptics,
  author       = {Franz X. Kärtner},
  title        = {Ultrafast Optics},
}



@article{fourier_maxwell,
  author    = {A.V. Andrade-Neto and M.S. Brandão},
  title     = {Maxwell’s equations in Fourier space and coupling between elementary excitations in solids},
  journal   = {Revista Brasileira de Ensino de Física},
  volume    = {45},
  year      = {2023},
  doi       = {10.1590/1806-9126-rbef-2023-0076},
  license   = {CC BY 4.0},
}


@book{metivier2009mathematics,
  title     = {The Mathematics of Nonlinear Optics},
  author    = {Guy Métivier},
  year      = {2009},
  month     = {March},
  url       = {https://www.math.u-bordeaux.fr/~gmetivie/NLO2008.pdf},
}

@article{introduction_Hillery_2009,
   title={An introduction to the quantum theory of nonlinear optics},
   volume={59},
   ISSN={0323-0465},
   url={http://dx.doi.org/10.2478/v10155-010-0094-8},
   DOI={10.2478/v10155-010-0094-8},
   number={1},
   journal={Acta Physica Slovaca. Reviews and Tutorials},
   publisher={Walter de Gruyter GmbH},
   author={Hillery, Mark},
   year={2009},
   month=feb, pages={1–80} }

@misc{Kuzyk2010NonlinearOptics,
  author       = {Mark G. Kuzyk},
  title        = {Nonlinear Optics},
  year         = {2010},
  url          = {https://www.nlosource.com/LectureNotesBook.pdf},
  note         = {Accessed: 2025-03-15},
  howpublished = {Lecture Notes},
}

@book{group_condensed,
  author    = {M. S. Dresselhaus and G. Dresselhaus and R. Jorio},
  title     = {Group Theory: Application to the Physics of Condensed Matter},
  year      = {2008},
  publisher = {Springer},
  address   = {Berlin, Germany},
}

@book{Wen2005,
    author = {Xiao-Gang Wen},
    title = {Quantum Field Theory of Many-Body Systems: From the Origin of Sound to an Origin of Light and Electrons},
    journal = {Physics Today},
    volume = {58},
    number = {11},
    pages = {52-53},
    year = {2005},
    month = {Nov},
    doi = {10.1063/1.2155760}
  }

@book{Yariv1991,
  author = {Amnon Yariv},
  title = {Quantum Electronics},
  edition = {3rd Revised Edition},
  publisher = {Wiley},
  year = {1991},
  pages = {704},
  isbn = {978-0471609971},
  note = {Caltech}
}

@book{perina1972coherence,
  title     = {Coherence of Light},
  author    = {Jan Perina},
  year      = {1972},
  publisher = {The Modern University Physics Series},
  address   = {January 1, 1972},
}



@article{limits_Lytel_2016,
   title={Physics of the fundamental limits of nonlinear optics: a theoretical perspective [Invited]},
   volume={33},
   ISSN={1520-8540},
   url={http://dx.doi.org/10.1364/JOSAB.33.000E66},
   DOI={10.1364/josab.33.000e66},
   number={12},
   journal={Journal of the Optical Society of America B},
   publisher={Optica Publishing Group},
   author={Lytel, Rick},
   year={2016},
   month=sep, pages={E66} 
}

@article{limits_Kuzyk2000,
  author = {Mark G. Kuzyk},
  title = {Physical Limits on Electronic Nonlinear Molecular Susceptibilities},
  journal = {Physical Review Letters},
  volume = {85},
  number = {6},
  pages = {1218-1221},
  year = {2000},
  doi = {10.1103/PhysRevLett.85.1218},
  note = {Received 8 December 1999; revised manuscript received 24 April 2000},
  address = {Department of Physics, Washington State University, Pullman, Washington 99164-2814}
}

@article{susceptibility_Yang1995,
  author    = {Yang, X. and Xie, S.},
  title     = {Expression of third-order effective nonlinear susceptibility for third-harmonic generation in crystals},
  journal   = {Applied Optics},
  volume    = {34},
  number    = {27},
  pages     = {6130},
  year      = {1995},
  doi       = {10.1364/ao.34.006130},
}


@article{susceptibility_JatirianFoltides2016,
  author    = {JATIRIAN-FOLTIDES, E.S. and et al.},
  title     = {About the calculation of the second-order susceptibility χ(2) tensorial elements for crystals using group theory},
  journal   = {Rev. mex. fís. E},
  volume    = {62},
  number    = {1},
  year      = {2016},
  pages     = {5-13},
  url       = {http://www.scielo.org.mx/scielo.php?script=sci_arttext&pid=S1870-35422016000100005&lng=es&nrm=iso},
  issn      = {1870-3542},
  note      = {cited 2025-03-23},
}


@article{limits_Khurgin_2023,
   title={Nonlinear optics from the viewpoint of interaction time},
   volume={17},
   ISSN={1749-4893},
   url={http://dx.doi.org/10.1038/s41566-023-01191-3},
   DOI={10.1038/s41566-023-01191-3},
   number={7},
   journal={Nature Photonics},
   publisher={Springer Science and Business Media LLC},
   author={Khurgin, Jacob B.},
   year={2023},
   month=mar, pages={545–551}
 }

 @article{refraction_Neamtan1954,
  author = {S. M. Neamtan},
  title = {A Quantum-Mechanical Definition of Refractive Index},
  journal = {Physical Review},
  volume = {94},
  number = {2},
  pages = {327},
  year = {1954},
  doi = {10.1103/PhysRev.94.327}
}



@misc{EdenGalvin2018,
  author = {Gary Eden and Tom Galvin},
  title = {Nonlinear Optics},
  year = {2018},
  institution = {University of Illinois at Urbana-Champaign},
  note = {ECE 455 Optical Electronics},
  url = {https://courses.grainger.illinois.edu/ece455/fa2018/Files/Galvinlectures/06_NL_Optics.pdf}
}


@book{Boyd,
  title={Nonlinear Optics, Third Edition},
  author={Boyd, Robert W.},
  publisher={Academic Press},
  address={6277 Sea Harbor Drive, Orlando, FL, United States},
  year={2008},
  isbn={978-0-12-369470-6},
  pages={640},
  month={April},
  day={11}
}

@inbook{Butcher_Cotter_1990, 
place={Cambridge}, 
series={Cambridge Studies in Modern Optics}, 
title={Subject index}, 
booktitle={The Elements of Nonlinear Optics}, 
publisher={Cambridge University Press}, 
author={Butcher, Paul N. and Cotter, David}, 
year={1990}, 
pages={336–344}, 
collection={Cambridge Studies in Modern Optics}
}

@book{jackson1999classical,
  title     = {Classical Electrodynamics},
  author    = {Jackson, John David},
  year      = {1999},
  edition   = {3rd},
  publisher = {Wiley},
  address   = {New York}
}

@book{Lucarini2005,
  author    = {Valerio Lucarini and Jarkko J. Saarinen and Kai Peiponen and Erik Vartiainen},
  title     = {Kramers-Kronig Relations in Optical Materials Research},
  journal   = {January 2005},
  doi       = {10.1007/b138913},
  year      = {2005}
}

@book{Bruus2004,
  author       = {Henrik Bruus and Karsten Flensberg},
  title        = {Many-Body Quantum Theory in Condensed Matter Physics: An Introduction},
  year         = {2004},
  month        = {Nov},
  publisher    = {Oxford University Press},
  series       = {Oxford Graduate Texts},
  isbn         = {978-0198566335},
}


@article{Zhen2022,
  author = {Qijing Zhen},
  title = {Light-Matter Interaction and Dipole Transition Matrix},
  year = {2022},
  month = {November},
  url = {http://staff.ustc.edu.cn/~zqj/posts/Light-Matter-Interaction-and-Dipole-Transition-Matrix/},
  institution = {University of Science & Technology of China},
  address = {Hefei 230026, Anhui, China},
  note = {Associate Professor, Department of Physics}
}

@MISC {optical_theorem1,
    TITLE = {Why is two-photon absorption a third-order non-linear process?},
    AUTHOR = {Marco Piccardo (https://physics.stackexchange.com/users/224525/marco-piccardo)},
    HOWPUBLISHED = {Physics Stack Exchange},
    NOTE = {URL:https://physics.stackexchange.com/q/464489 (version: 2019-03-05)},
    EPRINT = {https://physics.stackexchange.com/q/464489},
    URL = {https://physics.stackexchange.com/q/464489}
}


@article{MaxBloch,
  title = {Maxwell-Bloch equations: A unified view of nonlinear optics and nonlinear atom optics},
  author = {Castin, Yvan and Mo/lmer, Klaus},
  journal = {Phys. Rev. A},
  volume = {51},
  issue = {5},
  pages = {R3426--R3428},
  numpages = {0},
  year = {1995},
  month = {May},
  publisher = {American Physical Society},
  doi = {10.1103/PhysRevA.51.R3426},
  url = {https://link.aps.org/doi/10.1103/PhysRevA.51.R3426}
}

@misc{Osbruck,
  author={Wohlecke, Manfred and Betzler, Klaus and Imlau, Mirco},
  title={Nonlinear Optics},
  year={2003},
  howpublished={\url{https://www.betzler.physik.uni-osnabrueck.de/Manuskripte/nlo/nloprint.pdf}},
  note={Revised 2005},
  institution={University of Osnabruck},
}


@article{Sharma_2004,
doi = {10.1238/Physica.Topical.109a00128},
url = {https://dx.doi.org/10.1238/Physica.Topical.109a00128},
year = {2004},
month = {jan},
publisher = {},
volume = {2004},
number = {T109},
pages = {128},
author = {Sharma, S and Ambrosch-Draxl, C},
title = {Second-Harmonic Optical Response from First Principles},
journal = {Physica Scripta},
}


% PATH INTEGRALS AND QUANTUM ELECTRODYNAMICS




@book{Feynman1961QuantumElectrodynamics,
  author    = {Richard P. Feynman},
  title     = {Quantum Electrodynamics (Frontiers in Physics), 1st Edition},
  year      = {1961},
  publisher = {Addison-Wesley},
  address   = {Reading, Massachusetts},
  note      = {Notes on the third of a three-semester course in quantum mechanics given at the California Institute of Technology in 1953.}
}

@book{Haag1996LocalQuantumPhysics,
  author    = {Rudolf Haag},
  title     = {Local Quantum Physics: Fields, Particles, Algebras},
  year      = {1996},
  publisher = {Springer},
  address   = {Berlin, Germany},
}


@misc{NonlinearQED,
      title={Nonlinear optical analogies in quantum electrodynamics}, 
      author={D. H. Delphenich},
      year={2006},
      eprint={hep-th/0610088},
      archivePrefix={arXiv},
      primaryClass={hep-th},
      url={https://arxiv.org/abs/hep-th/0610088}, 
}

@article{Robson_2021,
   title={Path integrals: From quantum mechanics to photonics},
   volume={6},
   ISSN={2378-0967},
   url={http://dx.doi.org/10.1063/5.0055815},
   DOI={10.1063/5.0055815},
   number={7},
   journal={APL Photonics},
   publisher={AIP Publishing},
   author={Robson, Charles W. and Tamashevich, Yaraslau and Rantala, Tapio T. and Ornigotti, Marco},
   year={2021},
   month=jul }

   @article{Difallah_2019,
   title={Path-integral description of quantum nonlinear optics in arbitrary media},
   volume={100},
   ISSN={2469-9934},
   url={http://dx.doi.org/10.1103/PhysRevA.100.053845},
   DOI={10.1103/physreva.100.053845},
   number={5},
   journal={Physical Review A},
   publisher={American Physical Society (APS)},
   author={Difallah, Mosbah and Szameit, Alexander and Ornigotti, Marco},
   year={2019},
   month=nov }

@article{path_Arnold1982,
  author = {J. M. Arnold},
  title = {Oscillatory integral theory for uniform representation of wave functions},
  journal = {Radio Science},
  volume = {17},
  number = {5},
  pages = {1181--1191},
  year = {1982},
  doi = {10.1029/rs017i005p01181}
}
   
@article{Manoukian2013,
  author    = {E. B. Manoukian},
  title     = {Red light, blue light, Feynman and a layer of glass: the causal propagator},
  journal   = {Journal of Electromagnetic Waves and Applications},
  volume    = {27},
  number    = {15},
  pages     = {1986--1996},
  year      = {2013},
  publisher = {Taylor & Francis},
  doi       = {10.1080/09205071.2013.832639}
}

@article{Manoukian2015,
  author    = {E. B. Manoukian},
  title     = {Propagators, amplitudes and phase accumulation for photon propagation: The Feynman problem},
  journal   = {Optik - International Journal for Light and Electron Optics},
  volume    = {126},
  number    = {24},
  pages     = {5260--5262},
  year      = {2015},
  publisher = {Elsevier},
  doi       = {10.1016/j.ijleo.2015.09.064}
}

@book{action_Milton_2015,
   title={Schwinger’s Quantum Action Principle: From Dirac’s Formulation Through Feynman’s Path Integrals, the Schwinger-Keldysh Method, Quantum Field Theory, to Source Theory},
   ISBN={9783319201283},
   ISSN={2191-5431},
   url={http://dx.doi.org/10.1007/978-3-319-20128-3},
   DOI={10.1007/978-3-319-20128-3},
   journal={SpringerBriefs in Physics},
   publisher={Springer International Publishing},
   author={Milton, Kimball A.},
   year={2015} 
}

@article{rivera_variational_2019,
  author    = {Rivera, N. and Flick, J. and Narang, P.},
  title     = {Variational Theory of Nonrelativistic Quantum Electrodynamics},
  journal   = {Physical Review Letters},
  year      = {2019},
  volume    = {122},
  number    = {19},
  pages     = {193603},
  doi       = {10.1103/physrevlett.122.193603}
}

@article{ressurgence_Berry_1993,
doi = {10.1088/2058-7058/6/6/21},
url = {https://dx.doi.org/10.1088/2058-7058/6/6/21},
year = {1993},
month = {jun},
publisher = {},
volume = {6},
number = {6},
pages = {35},
author = {Berry, Michael and Howls, Christopher},
title = {Infinity interpreted},
journal = {Physics World},
abstract = {Despite the denunciations of the mathematician Abel, if the devil did invent divergent series it was because his creator counterpart chose to build our physical universe so that they are among the more useful ways to describe its finite properties.}
}


@misc{photon_position_2025,
  author       = {Arnold Neumaier},
  title        = {Particle positions and the position operator},
  year         = {2025},
  url          = {https://arnold-neumaier.at/physfaq/topics/position.html},
  note         = {Accessed: 2025-03-16},
  howpublished = {Online},
  authornote   = {Arnold.Neumaier@univie.ac.at}
}

@misc{quantuminformationspecialrelativity,
      title={Quantum information and special relativity}, 
      author={Asher Peres and Daniel R. Terno},
      year={2003},
      eprint={quant-ph/0301065},
      archivePrefix={arXiv},
      primaryClass={quant-ph},
      url={https://arxiv.org/abs/quant-ph/0301065}, 
}



@article{Keldysh1_Joao2021,
  author       = {S. M. Joao and J. M. V. P. Lopes},
  title        = {Basis-Independent Spectral Methods for Non-linear Optical Response in Arbitrary Tight-binding Models},
  journal      = {arXiv:1810.03732v4 [cond-mat.other]},
  year         = {2021},
  month        = {Feb},
  day          = {3},
  note         = {Centro de F{\'i}sica das Universidades do Minho e Porto and Departamento de F{\'i}sica e Astronomia, Faculdade de Ci{\^e}ncias, Universidade do Porto, 4169-007 Porto, Portugal},
}

@article{Keldysh1964,
  author       = {L.V. Keldysh},
  title        = {Diagram technique for nonequilibrium processes},
  journal      = {Zh.Eksp.Teor.Fiz.},
  volume       = {47},
  pages        = {1515--1527},
  year         = {1964},
  note         = {Sov.Phys.JETP 20 (1965) 1018},
  doi          = {10.1142/9789811279461_0007},
  institution  = {Lebedev Institute},
}



@article{Quesada_2017,
   title={Why you should not use the electric field to quantize in nonlinear optics},
   volume={42},
   ISSN={1539-4794},
   url={http://dx.doi.org/10.1364/OL.42.003443},
   DOI={10.1364/ol.42.003443},
   number={17},
   journal={Optics Letters},
   publisher={Optica Publishing Group},
   author={Quesada, Nicolás and Sipe, J. E.},
   year={2017},
   month=aug, pages={3443} 
}





@article{FREY1992441,
title = {Suppresion of the medium excitation in resonant nonlinear optics},
journal = {Optics Communications},
volume = {89},
number = {5},
pages = {441-446},
year = {1992},
issn = {0030-4018},
doi = {https://doi.org/10.1016/0030-4018(92)90555-6},
url = {https://www.sciencedirect.com/science/article/pii/0030401892905556},
author = {R. Frey},
}


@phdthesis{ElectronDynamics_Pisanty2016,
  author       = {Emilio Pisanty Alatorre},
  title        = {Electron dynamics in complex time and complex space},
  year         = {2016},
  month        = {Nov},
  day          = {30},
  advisor      = {Misha Ivanov},
  url          = {https://github.com/episanty/PhD-Thesis},
  handle       = {10044/1/43538},
}


@article{Feuchtwang1982,
  author    = {T.E. Feuchtwang and E. Kazes and H. Grotch and P.H. Cutler},
  title     = {On the Construction of Gauge Independent Transition Amplitudes},
  journal   = {Physics Letters B},
  volume    = {117},
  number    = {4},
  pages     = {211--214},
  year      = {1982},
  publisher = {Elsevier},
  address   = {Department of Physics, The Pennsylvania State University, University Park, PA 16802, USA},
  note      = {Received 20 September 1982}
}

@article{Manoukian1988,
  author    = {Edward B. Manoukian},
  title     = {Gauge Invariance Properties of Transition Amplitudes in Gauge Theories: I},
  journal   = {International Journal of Theoretical Physics},
  volume    = {27},
  number    = {7},
  pages     = {541--552},
  year      = {1988},
  publisher = {Springer},
  note      = {Received January 11, 1988}
}


@article{LorentzViolation_Kostelecky2009,
  author = {V. Alan Kostelecký and Matthew Mewes},
  title = {Electrodynamics with Lorentz-violating operators of arbitrary dimension},
  journal = {arXiv},
  eprint = {0905.0031},
  primaryClass = {hep-ph},
  year = {2009},
  month = {June},
  note = {IUHET 527, April 2009; accepted in Physical Review D}
}

% GEOMETRIC METHODS NONLINEAR OPTICS

@article{Lie_Karassiov1992,
  author = {V. P. Karassiov},
  title = {New Lie-algebraic structures in nonlinear problems of quantum optics and laser physics},
  journal = {Journal of Russian Laser Research},
  volume = {13},
  pages = {188--195},
  year = {1992},
  month = {May},
  doi = {10.1007/BF01121107}
}

@article{Lie_Arnold1991,
  author = {J. M. Arnold},
  title = {Direct determination of the underlying Lie algebra in nonlinear optics},
  journal = {Radio Science},
  volume = {26},
  number = {1},
  pages = {299--302},
  year = {1991},
  doi = {10.1029/90RS01149}
}


@article{QGT1,
   title={Optical detection of quantum geometric tensor in intrinsic semiconductors},
   volume={64},
   ISSN={1869-1927},
   url={http://dx.doi.org/10.1007/s11433-021-1750-2},
   DOI={10.1007/s11433-021-1750-2},
   number={10},
   journal={Science China Physics, Mechanics &amp; Astronomy},
   publisher={Springer Science and Business Media LLC},
   author={Li, Zhi and Zhang, Shengli and Tohyama, Takami and Song, Xiufeng and Gu, Yu and Iitaka, Toshiaki and Su, Haibin and Zeng, Haibo},
   year={2021},
   month=sep }

@article{Riemann,
   title={Riemannian geometry of resonant optical responses},
   volume={18},
   ISSN={1745-2481},
   url={http://dx.doi.org/10.1038/s41567-021-01465-z},
   DOI={10.1038/s41567-021-01465-z},
   number={3},
   journal={Nature Physics},
   publisher={Springer Science and Business Media LLC},
   author={Ahn, Junyeong and Guo, Guang-Yu and Nagaosa, Naoto and Vishwanath, Ashvin},
   year={2021},
   month=dec, pages={290–295}
}


% THERMODYNAMICS

@article{thermo_DEHEMPTINNE19851,
title = {Thermodynamics of laser systems},
journal = {Physics Reports},
volume = {122},
number = {1},
pages = {1-56},
year = {1985},
issn = {0370-1573},
doi = {https://doi.org/10.1016/0370-1573(85)90068-7},
url = {https://www.sciencedirect.com/science/article/pii/0370157385900687},
author = {Xavier {de Hemptinne}},
}

@article{thermo_Elouard_2020,
   title={Thermodynamics of optical Bloch equations},
   volume={22},
   ISSN={1367-2630},
   url={http://dx.doi.org/10.1088/1367-2630/abbd6e},
   DOI={10.1088/1367-2630/abbd6e},
   number={10},
   journal={New Journal of Physics},
   publisher={IOP Publishing},
   author={Elouard, Cyril and Herrera-Martí, David and Esposito, Massimiliano and Auffèves, Alexia},
   year={2020},
   month=oct, pages={103039} 
}


% StackExchange

@MISC {negative_freq,
    TITLE = {Meaning of negative frequency in nonlinear susceptibility?},
    AUTHOR = {Hans Wurst (https://physics.stackexchange.com/users/165488/hans-wurst)},
    HOWPUBLISHED = {Physics Stack Exchange},
    NOTE = {URL:https://physics.stackexchange.com/q/823219 (version: 2024-08-01)},
    EPRINT = {https://physics.stackexchange.com/q/823219},
    URL = {https://physics.stackexchange.com/q/823219}
}

% GEOMETRIC OPTICS

@article{lie_optics1,
author = {Alex J. Dragt},
journal = {J. Opt. Soc. Am.},
keywords = {Aberration correction; Cylindrical lenses; Imaging systems; Optical aberration; Optical elements; Optical systems},
number = {3},
pages = {372--379},
publisher = {Optica Publishing Group},
title = {Lie algebraic theory of geometrical optics and optical aberrations},
volume = {72},
month = {Mar},
year = {1982},
url = {https://opg.optica.org/abstract.cfm?URI=josa-72-3-372},
doi = {10.1364/JOSA.72.000372},
}

@misc{nonlineargeometricoptics,
      title={About nonlinear geometric optics}, 
      author={Eric Dumas},
      year={2005},
      eprint={math/0511629},
      archivePrefix={arXiv},
      primaryClass={math.AP},
      url={https://arxiv.org/abs/math/0511629}, 
}


% COHERENCE

@article{mandel1965coherence,
  author    = {L. Mandel and E. Wolf},
  title     = {Coherence Properties of Optical Fields},
  journal   = {Reviews of Modern Physics},
  year      = {1965},
  volume    = {37},
  number    = {2},
  pages     = {231--287},
  doi       = {10.1103/revmodphys.37.231},
}

@article{Gil_2014,
   title={Interpretation of the coherency matrix for three-dimensional polarization states},
   volume={90},
   ISSN={1094-1622},
   url={http://dx.doi.org/10.1103/PhysRevA.90.043858},
   DOI={10.1103/physreva.90.043858},
   number={4},
   journal={Physical Review A},
   publisher={American Physical Society (APS)},
   author={Gil, José J.},
   year={2014},
   month=oct }

@article{areainphase_Schleich1988,
  author    = {W. Schleich and H. Walther and J.A. Wheeler},
  title     = {Area in phase space as determiner of transition probability: Bohr-Sommerfeld bands, Wigner ripples, and Fresnel zones},
  journal   = {Foundations of Physics},
  year      = {1988},
  volume    = {18},
  number    = {7},
  pages     = {953--968},
  doi       = {10.1007/BF01909932}
}





@article{Escobar_2014,
   title={Invariants of the electromagnetic field},
   volume={55},
   ISSN={1089-7658},
   url={http://dx.doi.org/10.1063/1.4868478},
   DOI={10.1063/1.4868478},
   number={3},
   journal={Journal of Mathematical Physics},
   publisher={AIP Publishing},
   author={Escobar, C. A. and Urrutia, L. F.},
   year={2014},
   month=mar }

   @article{Neef2025,
    author = {Vera Neef and Julien Pinske and Tom Wolterink},
    title = {Non-adiabatic holonomies for photonic quantum computing},
    journal = {Optica Quantum},
    volume = {3},
    number = {1},
    pages = {93--98},
    year = {2025},
    month = {Feb},
    doi = {10.1364/OPTICAQ.530855},
    note = {License: Optica VOR-OA}
  }

@article{Senitzky_1965,
    author = {I. H. Senitzky},
    title = {FUNDAMENTAL THEOREM IN QUANTUM OPTICS},
    journal = {Physical Review Letters},
    volume = {15},
    number = {6},
    year = {1965},
    note = {Exact publication date and pages are missing from the provided information.}
  }

  @article{Panja1995,
    author = {M. M. Panja and P. K. Bera and B. Talukdar},
    title = {Optical theorem and Aharonov-Bohm scattering},
    journal = {Pramana},
    volume = {45},
    number = {6},
    pages = {499--509},
    year = {1995},
    month = {December},
    note = {Department of Physics, Visva-Bharati University, Santiniketan 731 235, India},
    issn = {Printed in India}
  }

  @article{Takayanagi2023,
    author = {Kazuo Takayanagi and Mao Kurino},
    title = {Generalized optical theorem},
    journal = {Progress of Theoretical and Experimental Physics},
    volume = {2023},
    number = {7},
    pages = {073A02},
    year = {2023},
    month = {July},
    doi = {10.1093/ptep/ptad076}
  }