
@book{kantCritiquePureReason,
  author    = {Immanuel Kant},
  title     = {Critique of Pure Reason},
  translator = {Norman Kemp Smith},
  year      = {1929},
  publisher = {Macmillan and Co.},
  address   = {London},
  note      = {Originally published in 1781 (A edition) and revised in 1787 (B edition)},
}


@book{weber1893werke,
  author    = {Wilhelm Eduard Weber},
  editor    = {Heinrich Weber},
  title     = {Wilhelm Weber’s Werke. Dritter Band: Galvanismus und Elektrodynamik. Erster Theil},
  year      = {1893},
  publisher = {Verlag von Julius Springer},
  address   = {Berlin},
  note      = {Herausgegeben von der Königlichen Gesellschaft der Wissenschaften zu Göttingen. Mit 1 Tafel und in den Text gedruckten Abbildungen},
}

@online{ChallengesMetaphysicalRealism,
  author       = {Drew Khlentzos},
  title        = {Challenges to Metaphysical Realism},
  year         = {2021},
  url          = {https://plato.stanford.edu/entries/realism-sem-challenge/},
  note         = {First published Thu Jan 11, 2001; substantive revision Mon Jan 25, 2021},
  publisher    = {Metaphysics Research Lab, Stanford University},
}


@article{bouwsma1949evilgenius,
  author    = {O. K. Bouwsma},
  title     = {Descartes' Evil Genius},
  journal   = {The Philosophical Review},
  volume    = {58},
  number    = {2},
  pages     = {141--151},
  year      = {1949},
  publisher = {Duke University Press},
}

@article{post1921elementarylogic,
  author    = {Emil L. Post},
  title     = {Introduction to a General Theory of Elementary Propositions},
  journal   = {American Journal of Mathematics},
  volume    = {43},
  number    = {3},
  pages     = {163--185},
  year      = {1921},
  publisher = {Johns Hopkins University Press},
  doi       = {10.2307/2370324},
  url       = {https://doi.org/10.2307/2370324},
}







% SECTION 1.2

@incollection{penrose1972quantumgeometry,
  author    = {Roger Penrose},
  title     = {On the Nature of Quantum Geometry},
  booktitle = {Magic Without Magic: John Archibald Wheeler},
  editor    = {John R. Klauder},
  year      = {1972},
  publisher = {W.H. Freeman and Company},
  pages     = {333--354},
  address   = {San Francisco}
}

@misc{wikipediaBucketArgument,
  author       = {{Wikipedia contributors}},
  title        = {Bucket argument --- Wikipedia{,} The Free Encyclopedia},
  year         = {2025},
  url          = {https://en.wikipedia.org/wiki/Bucket_argument},
  note         = {Accessed: 2025-04-12}
}

@misc{wikipediaBornRigidity,
  author       = {{Wikipedia contributors}},
  title        = {Born rigidity --- Wikipedia{,} The Free Encyclopedia},
  year         = {2025},
  url          = {https://en.wikipedia.org/wiki/Born_rigidity},
  note         = {Accessed: 2025-04-12}
}


@article{Bacry1968,
  author = {Bacry, Henri and Lévy-Leblond, Jean-Marc},
  title = {Possible Kinematics},
  journal = {Journal of Mathematical Physics},
  volume = {9},
  number = {10},
  pages = {1605--1614},
  year = {1968},
  doi = {10.1063/1.1664490},
  publisher = {AIP Publishing}
}

@article{Penrose1992,
  author    = {Roger Penrose},
  title     = {On the Cohomology of Impossible Figures},
  journal   = {Leonardo},
  volume    = {25},
  number    = {3/4},
  pages     = {245--247},
  year      = {1992},
  publisher = {The MIT Press}
}

@article{WheelerFeynman1949,
  author    = {Wheeler, John A. and Feynman, Richard P.},
  title     = {Classical Electrodynamics in Terms of Direct Interparticle Action},
  journal   = {Reviews of Modern Physics},
  volume    = {21},
  number    = {3},
  pages     = {425--433},
  year      = {1949},
  doi       = {10.1103/RevModPhys.21.425},
  publisher = {American Physical Society}
}


@book{hegelScienceOfLogic,
  author    = {Georg Wilhelm Friedrich Hegel},
  title     = {Wissenschaft der Logik (Science of Logic)},
  year      = {1812--1831},
  note      = {Volume 1: The Objective Logic (The Doctrine of Being; The Doctrine of Essence). Volume 2: The Subjective Logic (The Doctrine of the Notion)},
  publisher = {Various publishers over editions; original 1812 edition by Johann Friedrich Frommann, Jena},
}

@book{euclidElements,
  author    = {Euclid},
  title     = {The Thirteen Books of Euclid's Elements},
  translator= {Thomas L. Heath},
  year      = {1908},
  publisher = {Cambridge University Press},
  address   = {Cambridge},
  note      = {Three volumes},
}

@book{grassmann1844ausdehnungslehre,
  author    = {Hermann Grassmann},
  title     = {Die Wissenschaft der extensiven Grössen oder die Ausdehnungslehre: Erster Teil, die lineale Ausdehnungslehre},
  year      = {1844},
  publisher = {Otto Wigand},
  address   = {Leipzig},
}

@book{bonkCarnapPhilosophy,
  editor    = {Thomas Bonk},
  title     = {Language, Truth and Knowledge: Contributions to the Philosophy of Rudolf Carnap},
  publisher = {Springer},
  address   = {Dordrecht},
  year      = {2003},
  note      = {Ludwig-Maximilians-Universität, München},
}



https://www.ams.org/journals/notices/201802/rnoti-p167.pdf

% SECTION 1.4

https://www.falstad.com/ripple/
https://explainingscience.org/2019/05/28/stellar-aberration/
https://arxiv.org/pdf/2210.10103
