
% ATOMIC STATES

@misc{hydrogen_withSpin,
      title={$SO(4)$ Symmetry in Hydrogen Atom with Spin}, 
      author={Xing-Yan Fan and Xiang-Ru Xie and Sheng-Ming Li and Jing-Ling Chen},
      year={2024},
      eprint={2404.11437},
      archivePrefix={arXiv},
      primaryClass={quant-ph},
      url={https://arxiv.org/abs/2404.11437}, 
}







% PERIODICITY

@article{wong1979madelung,
  author    = {D. Pan Wong},
  title     = {Theoretical Justification of Madelung's Rule},
  journal   = {Journal of Chemical Education},
  volume    = {56},
  pages     = {714},
  year      = {1979},
  doi       = {10.1021/ed056p714},
  url       = {https://doi.org/10.1021/ed056p714}
}

@book{feynman1965lectures_periodic,
  author    = {Richard P. Feynman and Robert B. Leighton and Matthew Sands},
  title     = {The Feynman Lectures on Physics, Vol. 3: Quantum Mechanics,
    Lecture 19, The Hydrogen Atom and The Periodic Table},
  year      = {1965},
  publisher = {Addison-Wesley},
  chapter   = {21},
  pages     = {21-1--21-13},
  note      = {Chapter: The Hydrogen Atom and the Periodic Table}
}








% SLATER RULES

@MISC{slater_7150,
    TITLE = {Have there been no advances in the determination of effective nuclear charges since Clementi and Raimondi in the 60s?},
    AUTHOR = {Xiaolei Zhu (https://chemistry.stackexchange.com/users/3723/xiaolei-zhu)},
    HOWPUBLISHED = {Chemistry Stack Exchange},
    NOTE = {URL:https://chemistry.stackexchange.com/q/7150 (version: 2013-12-01)},
    EPRINT = {https://chemistry.stackexchange.com/q/7150},
    URL = {https://chemistry.stackexchange.com/q/7150}
}

@article{Reed1999,
  author    = {J. L. Reed},
  title     = {The Genius of Slaterâ€™s Rules},
  journal   = {Journal of Chemical Education},
  year      = {1999},
  volume    = {76},
  number    = {6},
  pages     = {802},
  doi       = {10.1021/ed076p802}
}

@article{complexSpectra_Slater1929,
  author    = {J. C. Slater},
  title     = {The Theory of Complex Spectra},
  journal   = {Physical Review},
  year      = {1929},
  volume    = {34},
  number    = {10},
  pages     = {1293--1322},
  doi       = {10.1103/PhysRev.34.1293}
}

@article{shieldingConstants_slater,
  title = {Atomic Shielding Constants},
  author = {Slater, J. C.},
  journal = {Phys. Rev.},
  volume = {36},
  issue = {1},
  pages = {57--64},
  numpages = {0},
  year = {1930},
  month = {Jul},
  publisher = {American Physical Society},
  doi = {10.1103/PhysRev.36.57},
  url = {https://link.aps.org/doi/10.1103/PhysRev.36.57}
}












% STABILITY OF MATTER

@book{lieb2005stability,
  title        = {The Stability of Matter: From Atoms to Stars},
  author       = {Elliott H. Lieb},
  editor       = {Walter Thirring},
  year         = {2005},
  edition      = {4th},
  publisher    = {Springer},
  address      = {Berlin Heidelberg New York},
  isbn         = {3-540-22212-X},
  note         = {With a preface by F. Dyson},
  series       = {Selecta of Elliott H. Lieb}
}

@article{bugliaro1996stability,
  title     = {Stability of Quantum Electrodynamics with Nonrelativistic Matter},
  author    = {Luca Bugliaro and J{\"u}rg Fr{\"o}hlich and Gian Michele Graf},
  journal   = {Physical Review Letters},
  volume    = {77},
  number    = {17},
  pages     = {3494--3497},
  year      = {1996},
  month     = {October},
  publisher = {American Physical Society},
  address   = {College Park, MD},
  note      = {(Received 14 February 1996)},
  doi       = {10.1103/PhysRevLett.77.3494}
}

@misc{dyson_matter_stability,
  author       = {Freeman Dyson},
  title        = {Lieb and Thirring Clean Up My Matter Stability Proof},
  year         = {2000},
  howpublished = {webofstories.com/play/freeman.dyson/107},
  note         = {Web of Stories, Scientist Series},
}

@article{dyson1967stability1,
  author    = {Freeman J. Dyson and A. Lenard},
  title     = {Stability of Matter. I},
  journal   = {Journal of Mathematical Physics},
  volume    = {8},
  number    = {3},
  pages     = {423--434},
  year      = {1967},
  doi       = {10.1063/1.1705209},
  url       = {https://doi.org/10.1063/1.1705209},
  note      = {Submitted: 03 October 1966. Published online: 21 December 2004}
}

@article{hertel1975lower,
  author    = {P. Hertel and W. Thirring},
  title     = {Lower Bound to the Energy of Complex Atoms},
  journal   = {The Journal of Chemical Physics},
  volume    = {62},
  number    = {8},
  pages     = {3355--3356},
  year      = {1975},
  doi       = {10.1063/1.430957},
  url       = {https://doi.org/10.1063/1.430957}
}




% CHEMICAL REACTIONS

@article{LaughlinPines2000,
  author    = {R. B. Laughlin and David Pines},
  title     = {The Theory of Everything},
  journal   = {Proceedings of the National Academy of Sciences (PNAS)},
  year      = {2000},
  volume    = {97},
  number    = {1},
  pages     = {28--31},
  doi       = {10.1073/pnas.97.1.28},
  publisher = {National Academy of Sciences},
  note      = {Contributed by David Pines, November 18, 1999}
}




% LEWIS STRUCTURE

@article{reed1994lewis,
  author    = {Reed, Jack L.},
  title     = {The Lewis Structure: An Expanded Perspective},
  journal   = {Journal of Chemical Education},
  volume    = {71},
  number    = {2},
  pages     = {98},
  year      = {1994},
  doi       = {10.1021/ed071p98}
}
