@article{Parabolic_Discrete,
   title={A Framework for Solving Parabolic Partial Differential Equations on Discrete Domains},
   volume={43},
   ISSN={1557-7368},
   url={http://dx.doi.org/10.1145/3666087},
   DOI={10.1145/3666087},
   number={5},
   journal={ACM Transactions on Graphics},
   publisher={Association for Computing Machinery (ACM)},
   author={Mattos Da Silva, Leticia and Stein, Oded and Solomon, Justin},
   year={2024},
   month=jun, pages={1–14} }

@article{hoffmann2018discrete,
  title     = {A discrete extrinsic and intrinsic Dirac operator},
  author    = {Hoffmann, Tim and Ye, Zi},
  journal   = {arXiv preprint arXiv:1802.06278},
  year      = {2018},
  note      = {Last revised 12 Feb 2020 (v4)},
  url       = {https://arxiv.org/abs/1802.06278},
  doi       = {10.48550/arXiv.1802.06278},
  archivePrefix = {arXiv},
  eprint    = {1802.06278},
  primaryClass = {math.DG}
}

@article{Hypercomplex_discrete,
author = {Cerejeiras, Paula and Kaehler, Uwe and Lucas, Simão},
title = {Discrete pseudo-differential operators in hypercomplex analysis},
journal = {Mathematical Methods in the Applied Sciences},
volume = {47},
number = {10},
pages = {8025-8041},
keywords = {discrete Dirac operators, discrete symbols, functions of hypercomplex variables and generalized variables, pseudodifferential operators},
doi = {https://doi.org/10.1002/mma.7881},
url = {https://onlinelibrary.wiley.com/doi/abs/10.1002/mma.7881},
eprint = {https://onlinelibrary.wiley.com/doi/pdf/10.1002/mma.7881},
year = {2024}
}

@article{discrete_operators3,
author = {Grinspun, Eitan and Gingold, Yotam and Reisman, Jason and Zorin, Denis},
title = {Computing discrete shape operators on general meshes},
journal = {Computer Graphics Forum},
volume = {25},
number = {3},
pages = {547-556},
doi = {https://doi.org/10.1111/j.1467-8659.2006.00974.x},
url = {https://onlinelibrary.wiley.com/doi/abs/10.1111/j.1467-8659.2006.00974.x},
eprint = {https://onlinelibrary.wiley.com/doi/pdf/10.1111/j.1467-8659.2006.00974.x},
year = {2006}
}


@article{Pt_kov__2021_exterior,
   title={A simple and complete discrete exterior calculus on general polygonal meshes},
   volume={88},
   ISSN={0167-8396},
   url={http://dx.doi.org/10.1016/j.cagd.2021.102002},
   DOI={10.1016/j.cagd.2021.102002},
   journal={Computer Aided Geometric Design},
   publisher={Elsevier BV},
   author={Ptáčková, Lenka and Velho, Luiz},
   year={2021},
   month=jun, pages={102002} }

@article{Friedrich_1998,
   title={On the spinor representation of surfaces in Euclidean 3-space},
   volume={28},
   ISSN={0393-0440},
   url={http://dx.doi.org/10.1016/S0393-0440(98)00018-7},
   DOI={10.1016/s0393-0440(98)00018-7},
   number={1–2},
   journal={Journal of Geometry and Physics},
   publisher={Elsevier BV},
   author={Friedrich, Thomas},
   year={1998},
   month=nov, pages={143–157} }

@misc{mckell2023wavesimulationsinfinitespacetime,
      title={Wave Simulations in Infinite Spacetime}, 
      author={Chad McKell and Mohammad Sina Nabizadeh and Stephanie Wang and Albert Chern},
      year={2023},
      eprint={2305.08033},
      archivePrefix={arXiv},
      primaryClass={math.NA},
      url={https://arxiv.org/abs/2305.08033}, 
}

@misc{palmer2021framefieldoperators,
      title={Frame Field Operators}, 
      author={David R. Palmer and Oded Stein and Justin Solomon},
      year={2021},
      eprint={2106.14360},
      archivePrefix={arXiv},
      primaryClass={cs.GR},
      url={https://arxiv.org/abs/2106.14360}, 
}

@article{Crane:2010:TCD,
author={Keenan Crane and Mathieu Desbrun and Peter Schr\"{o}der},
title={Trivial Connections on Discrete Surfaces},
journal={Computer Graphics Forum (SGP)},
volume={29},
number={5},
pages={1525-1533},
year={2010}
}

@inproceedings{Crane:2013:DGP,
                  author = {Keenan Crane, Fernando de Goes, Mathieu Desbrun, Peter Schröder},
                  title = {Digital Geometry Processing with Discrete Exterior Calculus},
                  booktitle = {ACM SIGGRAPH 2013 courses},
                  series = {SIGGRAPH '13},
                  year = {2013},
                  location = {Anaheim, California},
                  numpages = {126},
                  publisher = {ACM},
                  address = {New York, NY, USA},
                  }

@article{Crane:2011:STD,
author = {Crane, Keenan and Pinkall, Ulrich and Schr\"{o}der, Peter},
title = {Spin Transformations of Discrete Surfaces},
journal = {ACM Trans. Graph.},
volume = {30},
number = {4},
year = {2011},
publisher = {ACM},
address = {New York, NY, USA},
}

@article{Crane:2017Heat,
 author = {Crane, Keenan and Weischedel, Clarisse and Wardetzky, Max},
 title = {The Heat Method for Distance Computation},
 journal = {Commun. ACM},
 issue_date = {November 2017},
 volume = {60},
 number = {11},
 month = oct,
 year = {2017},
 issn = {0001-0782},
 pages = {90--99},
 numpages = {10},
 url = {http://doi.acm.org/10.1145/3131280},
 doi = {10.1145/3131280},
 acmid = {3131280},
 publisher = {ACM},
 address = {New York, NY, USA},
}

@article{Liu:2017:DOE,
author={Derek Liu and Alec Jacobson and Keenan Crane},
title={A Dirac Operator for Extrinsic Shape Analysis},
journal={Computer Graphics Forum (SGP)},
volume={36},
number={5},
year={2017}
}

@unknown{spinorsMesh,
author = {Folgoc, Loic and Coelho de Castro, Daniel and Tan, Jeremy and Khanal, Bishesh and Kamnitsas, Konstantinos and Walker, Ian and Alansary, Amir and Glocker, Ben},
year = {2019},
month = {03},
pages = {},
title = {Controlling Meshes via Curvature: Spin Transformations for Pose-Invariant Shape Processing},
doi = {10.48550/arXiv.1903.02429}
}

@article{Crane:2017:HMD,
author = {Crane, Keenan and Weischedel, Clarisse and Wardetzky, Max},
title = {The Heat Method for Distance Computation},
journal = {Commun. ACM},
issue_date = {November 2017},
volume = {60},
number = {11},
month = oct,
year = {2017},
issn = {0001-0782},
pages = {90--99},
numpages = {10},
url = {http://doi.acm.org/10.1145/3131280},
doi = {10.1145/3131280},
acmid = {3131280},
publisher = {ACM},
address = {New York, NY, USA},
}

@article{Corman:2019:SMF,
author = {Corman, Etienne and Crane, Keenan},
title = {Symmetric Moving Frames},
journal = {ACM Trans. Graph.},
volume = {38},
number = {4},
year = {2019},
publisher = {ACM},
address = {New York, NY, USA},
}

@phdthesis{Crane:2013:CGP,
author = {Keenan Crane},
title = {Conformal Geometry Processing},
school = {Caltech},
month = {June},
year = {2013}
}

@article{Crane_discrete,
author = {Crane, Keenan and Wardetzky, Max},
year = {2017},
month = {11},
pages = {1153-1159},
title = {A Glimpse into Discrete Differential Geometry},
volume = {64},
journal = {Notices of the American Mathematical Society},
doi = {10.1090/noti1578}
}

@article{Wang:2023:ECIG,
author = {Wang, Stephanie and Nabizadeh, Mohammad Sina and Chern, Albert},
title = {Exterior Calculus in Graphics},
booktitle = {ACM SIGGRAPH 2023 courses},
series = {SIGGRAPH '23},
location = {Los Angeles, CA, USA},
year = {2023},
publisher = {ACM},
address = {New York, NY, USA},
}

@article{Wang:2021:CMS,
author = {Wang, Stephanie and Chern, Albert},
title = {Computing Minimal Surfaces with Differential Forms},
journal = {ACM Trans. Graph.},
issue_date = {August 2021},
volume = {40},
number = {4},
month = {August},
year = {2021},
pages = {113:1--113:14},
url = {https://doi.org/10.1145/3450626.3459781},
doi = {10.1145/3450626.3459781},
publisher = {ACM},
}

@techreport{chern2023physical,
  author       = {Chern, Albert},
  title        = {Physical Simulations},
  institution  = {Department of Computer Science and Engineering, University of California San Diego},
  year         = {2023},
  month        = {April 6},
  type         = {Lecture notes},
  note         = {Last updated April 6, 2023},
  url          = {https://cseweb.ucsd.edu/~alchern/teaching/Simulation.pdf}
}

@article{chern_cohomology,
author = {Yin, Hang and Nabizadeh, Mohammad Sina and Wu, Baichuan and Wang, Stephanie and Chern, Albert},
title = {Fluid Cohomology},
year = {2023},
issue_date = {August 2023},
publisher = {Association for Computing Machinery},
address = {New York, NY, USA},
volume = {42},
number = {4},
issn = {0730-0301},
url = {https://doi.org/10.1145/3592402},
doi = {10.1145/3592402},
journal = {ACM Trans. Graph.},
month = jul,
articleno = {126},
numpages = {25},
keywords = {fluid dynamics, homology theory}
}

@techreport{chernDDG,
  author       = {Chern, Albert},
  title        = {Discrete Differential Geometry (DDG)},
  institution  = {Department of Computer Science and Engineering, University of California San Diego},
  type         = {Lecture notes},
  note         = {Accessed via UCSD CSE teaching site},
  url          = {https://cseweb.ucsd.edu/~alchern/teaching/DDG.pdf}
}

@article{conformal_chern,
author = {Chern, Albert and Pinkall, Ulrich and Schr\"{o}der, Peter},
title = {Close-to-conformal deformations of volumes},
year = {2015},
issue_date = {August 2015},
publisher = {Association for Computing Machinery},
address = {New York, NY, USA},
volume = {34},
number = {4},
issn = {0730-0301},
url = {https://doi.org/10.1145/2766916},
doi = {10.1145/2766916},
journal = {ACM Trans. Graph.},
month = jul,
articleno = {56},
numpages = {13},
keywords = {conformal metric, deformations, digital geometry processing, discrete differential geometry, geometric modeling}
}

@article{gross2025elastic,
  author    = {Gross, Oliver and Pinkall, Ulrich and Wahl, Moriz},
  title     = {Elastic Curves with Variable Bending Stiffness},
  journal   = {Studies in Applied Mathematics},
  volume    = {155},
  number    = {2},
  pages     = {155},
  year      = {2025},
  doi       = {10.1111/sapm.70097},
  note      = {Article e70097}
}

@article{discrete_operators,
author = {De Goes, Fernando and Butts, Andrew and Desbrun, Mathieu},
title = {Discrete differential operators on polygonal meshes},
year = {2020},
issue_date = {August 2020},
publisher = {Association for Computing Machinery},
address = {New York, NY, USA},
volume = {39},
number = {4},
issn = {0730-0301},
url = {https://doi.org/10.1145/3386569.3392389},
doi = {10.1145/3386569.3392389},
journal = {ACM Trans. Graph.},
month = aug,
articleno = {110},
numpages = {14},
keywords = {discrete differential operators, geometry processing, polygonal meshes}
}

@techreport{360iMarket2025ComputerGraphics,
  title        = {Computer Graphics Market – Global Forecast 2025--2030},
  author       = {{360iResearch}},
  institution  = {360iResearch},
  type         = {Market Research Report},
  number       = {SKU: MRR‑521BAA36EDAD},
  year         = {2025},
  month        = jul,
  note         = {Publication Date: July 2025; global report analyzing market size, segmentation, tariffs impact, regional trends, and forecasts to 2030},
  url          = {https://www.360iresearch.com/library/intelligence/computer-graphics}
}

@misc{wiki_3Dsoftware,
    author = "{Wikipedia contributors}",
    title = "Comparison of 3D computer graphics software --- {Wikipedia}{,} The Free Encyclopedia",
    year = "2025",
    url = "https://en.wikipedia.org/w/index.php?title=Comparison_of_3D_computer_graphics_software&oldid=1307055490",
    note = "[Online; accessed 25-August-2025]"
  }

@misc{wiki_Files,
    author = "{Wikipedia contributors}",
    title = "List of file formats --- {Wikipedia}{,} The Free Encyclopedia",
    year = "2025",
    url = "https://en.wikipedia.org/w/index.php?title=List_of_file_formats&oldid=1307562148",
    note = "[Online; accessed 25-August-2025]"
  }

@misc{Jacobson:GeometryProcessingInTheWild,
  author       = {Jacobson, Alec},
  title        = {Geometry Processing in the Wild},
  howpublished = {Seminar talk, Department of Computer Science, Carnegie Mellon University},
  month        = feb,
  year         = {2019},
  note         = {Available online at \url{https://www.cs.toronto.edu/~jacobson/images/geometry-processing-in-the-wild-alec-jacobson.pdf}},
}

@misc{beta-cae-cfd-formula-car,
  author       = {{BETA CAE Systems}},
  title        = {CFD geometry preparation of a Formula-type car},
  year         = {2020},
  howpublished = {\url{https://www.youtube.com/watch?v=HPPEIEkvGc0}},
  note         = {Webinar, YouTube. Acesso em 2025-08-26}
}

@article{Holst_2012_variationalCrimes,
   title={Geometric Variational Crimes: Hilbert Complexes, Finite Element Exterior Calculus, and Problems on Hypersurfaces},
   volume={12},
   ISSN={1615-3383},
   url={http://dx.doi.org/10.1007/s10208-012-9119-7},
   DOI={10.1007/s10208-012-9119-7},
   number={3},
   journal={Foundations of Computational Mathematics},
   publisher={Springer Science and Business Media LLC},
   author={Holst, Michael and Stern, Ari},
   year={2012},
   month=apr, pages={263–293} }

@misc{suri2024-cracks-sciam_variationalCrimes,
  author       = {Suri, Manil},
  title        = {How the Math of Cracks Can Make Planes, Bridges and Dams Safer},
  year         = {2024},
  month        = jun,
  howpublished = {\url{https://www.scientificamerican.com/article/how-the-math-of-cracks-can-make-planes-bridges-and-dams-safer/}},
  note         = {Scientific American. Accessed 2025-08-26},
  editor       = {Madhusree Mukerjee}
}

@misc{szabo2024-not-all-models_crimes,
  author       = {Szab{\'o}, Barna},
  title        = {Not All Models Are Wrong},
  year         = {2024},
  month        = apr,
  howpublished = {\url{https://www.esrd.com/not-all-models-are-wrong/}},
  note         = {ESRD. Accessed 2025-08-26}
}

@misc{szabo2025-variational-crimes-costa-concordia,
  author       = {Szab{\'o}, Barna},
  title        = {Variational Crimes and Refloating the Costa Concordia},
  year         = {2025},
  month        = mar,
  howpublished = {\url{https://www.esrd.com/variational-crimes-and-refloating-the-costa-concordia/}},
  note         = {ESRD. Accessed 2025-08-26}
}

@article{laplacian0,
author={Nicholas Sharp and Keenan Crane},
title={{A Laplacian for Nonmanifold Triangle Meshes}},
journal={Computer Graphics Forum (SGP)},
volume={39},
number={5},
year={2020}
}

@inproceedings{laplacian1,
author = {Wardetzky, Max and Mathur, Saurabh and Kälberer, Felix and Grinspun, Eitan},
year = {2007},
month = {01},
pages = {33-37},
title = {Discrete Laplace operators: No free lunch},
volume = {07},
journal = {Eurographics Symposium on Geometry Processing},
doi = {10.1145/1508044.1508063}
}

@online{laplacian2,
  author       = {Solomon, Justin and Crane, Keenan and Vouga, Etienne},
  title        = {Laplace--Beltrami: The Swiss Army Knife of Geometry Processing},
  year         = {2014},
  month        = jul,
  day          = {7},
  note         = {Symposium on Geometry Processing tutorial, Cardiff},
  url          = {https://www.cs.cmu.edu/\~kmcrane/Projects/Other/SwissArmyLaplacian.pdf},
  urldate      = {2025-08-26},
}

@misc{cuzinatto2019introductionreggecalculusgravitation,
      title={Introduction to Regge Calculus for Gravitation}, 
      author={R. R. Cuzinatto and C. A. M. de Melo and C. Naldoni de Souza},
      year={2019},
      eprint={1904.01966},
      archivePrefix={arXiv},
      primaryClass={gr-qc},
      url={https://arxiv.org/abs/1904.01966}, 
}

@mastersthesis{castel2021_morse,
  author       = {Castel, Gilles},
  title        = {Morse Theory: A Visual Guide from Handlebodies to the Generalized Poincar\'e Conjecture},
  school       = {KU Leuven},
  type         = {Master’s Thesis},
  year         = {2021},
  note         = {Supervised by Dr. C. Kirchhoff-Lukat},
  url          = {https://perswww.kuleuven.be/~u0096206/students/GillesMasterThesis.pdf},
  urldate      = {2025-08-26},
}

@InProceedings{discrete_operator2,
author="Meyer, Mark
and Desbrun, Mathieu
and Schr{\"o}der, Peter
and Barr, Alan H.",
editor="Hege, Hans-Christian
and Polthier, Konrad",
title="Discrete Differential-Geometry Operators for Triangulated 2-Manifolds",
booktitle="Visualization and Mathematics III",
year="2003",
publisher="Springer Berlin Heidelberg",
address="Berlin, Heidelberg",
pages="35--57",
isbn="978-3-662-05105-4"
}

@misc{krasilshchik1998homologicalmethodsequationsmathematical,
      title={Homological Methods in Equations of Mathematical Physics}, 
      author={Joseph Krasil'shchik and Alexander Verbovetsky},
      year={1998},
      eprint={math/9808130},
      archivePrefix={arXiv},
      primaryClass={math.DG},
      url={https://arxiv.org/abs/math/9808130}, 
}

@misc{dean_homology,
  author       = {Dean, Joshua},
  title        = {Homology Using Linear Algebra},
  howpublished = {\url{https://osebje.famnit.upr.si/~russ.woodroofe/joshua-dean.pdf}},
  note         = {Accessed: 2025-08-26}
}

@misc{homology_discrete,
  author       = {Nanda, Vidit},
  title        = {Lecture 3: Homology},
  howpublished = {\url{https://people.maths.ox.ac.uk/nanda/cat/Lecture%2003%20Homology.pdf}},
  note         = {Computational Algebraic Topology (Week 3 lecture notes), Accessed: 2025-08-26}
}

@misc{algebraic_topology,
  author       = {Nanda, Vidit},
  title        = {Computational Algebraic Topology},
  howpublished = {\url{https://people.maths.ox.ac.uk/nanda/cat/}},
  note         = {Course webpage, University of Oxford, Accessed: 2025-08-26}
}

@article{budinich2018clifford,
  author    = {Budinich, Marco},
  title     = {Clifford Algebra As a Bridge Between Discrete and Continuous Worlds},
  journal   = {Advances in Applied Clifford Algebras},
  volume    = {28},
  number    = {67},
  year      = {2018},
  doi       = {10.1007/s00006-018-0884-5},
  url       = {https://doi.org/10.1007/s00006-018-0884-5}
}

@misc{discrete_clifford,
      title={The Spingroup and its actions in discrete Clifford analysis}, 
      author={Hilde De Ridder and Franciscus Sommen},
      year={2017},
      eprint={1701.08445},
      archivePrefix={arXiv},
      primaryClass={math-ph},
      url={https://arxiv.org/abs/1701.08445}, 
}

@article{discrete_clifford2,
author = {Hennie De Schepper and Frank Sommen and Liesbet Van de Voorde},
title = {{A Basic Framework for Discrete Clifford Analysis}},
volume = {18},
journal = {Experimental Mathematics},
number = {4},
publisher = {A K Peters, Ltd.},
pages = {385 -- 395},
keywords = {Clifford analysis, discrete Dirac operator, discrete monogenic function},
year = {2009},
}

@phdthesis{discrete_spin,
  author       = {Ye, Zi},
  title        = {Discrete Spin Geometry for Surfaces},
  school       = {Technische Universität München},
  year         = {2019},
  type         = {Dissertation},
  note         = {Submitted December 17, 2019; defended May 8, 2020},
  url          = {https://mediatum.ub.tum.de/?id=1531414},
  urldate      = {2025-08-26}
}

@misc{wirth2025rustimplementationfiniteelement,
      title={Rust Implementation of Finite Element Exterior Calculus on Coordinate-Free Simplicial Complexes}, 
      author={Luis Wirth},
      year={2025},
      eprint={2506.02429},
      archivePrefix={arXiv},
      primaryClass={math.NA},
      url={https://arxiv.org/abs/2506.02429}, 
}

@incollection{WANG201941,
title = {Chapter 2 - Intrinsic and extrinsic operators for shape analysis},
editor = {Ron Kimmel and Xue-Cheng Tai},
series = {Handbook of Numerical Analysis},
publisher = {Elsevier},
volume = {20},
pages = {41-115},
year = {2019},
booktitle = {Processing, Analyzing and Learning of Images, Shapes, and Forms: Part 2},
issn = {1570-8659},
doi = {https://doi.org/10.1016/bs.hna.2019.08.003},
url = {https://www.sciencedirect.com/science/article/pii/S1570865919300250},
author = {Yu Wang and Justin Solomon},
keywords = {Shape analysis, Geometric operator, Linear operator, Spectral geometry, Laplace–Beltrami, Extrinsic geometry, Intrinsic geometry, 65M70, 58J50, 35P05},
}

@article{Knoppel:2013:GOD, 
author = {Kn\"{o}ppel, Felix and Crane, Keenan and Pinkall, Ulrich and Schr\"{o}der, Peter}, 
title = {Globally optimal direction fields}, 
journal = {ACM Trans. Graph.}, 
volume = {32}, 
number = {4}, 
year = {2013}, 
publisher = {ACM}, 
address = {New York, NY, USA}, 
}
     


@article{Sharp:2019:VHM, author = {Sharp, Nicholas and Soliman, Yousuf and Crane, Keenan}, title = {The Vector Heat Method}, journal = {ACM Trans. Graph.}, volume = {38}, number = {3}, year = {2019}, publisher = {ACM}, address = {New York, NY, USA}, }


 @article{Corman:2019:SMF, author = {Etienne Corman and Keenan Crane}, title = {Symmetric Moving Frames}, journal = {ACM Trans. Graph.}, volume = {38}, number = {4}, year = {2019}, publisher = {ACM}, address = {New York, NY, USA}, }

@article{soliman2025affine,
  title={The Affine Heat Method},
  author={Yousuf Soliman, Nicholas Sharp},
  booktitle={Computer Graphics Forum},
  volume={44},
  number={5},
  year={2025}
}
     
@article{Feng:2023:Winding,
    author = {Feng, Nicole and Gillespie, Mark and Crane, Keenan},
    title = {Winding Numbers on Discrete Surfaces},
    year = {2023},
    issue_date = {August 2023},
    publisher = {Association for Computing Machinery},
    address = {New York, NY, USA},
    volume = {42},
    number = {4},
    issn = {0730-0301},
    url = {https://doi.org/10.1145/3592401},
    doi = {10.1145/3592401},
    journal = {ACM Trans. Graph.},
    month = {jul},
    articleno = {36},
    numpages = {17}
}

@misc{braune2025discreteexteriorcalculusbundlevalued,
      title={A Discrete Exterior Calculus of Bundle-valued Forms}, 
      author={Theo Braune and Yiying Tong and François Gay-Balmaz and Mathieu Desbrun},
      year={2025},
      eprint={2406.05383},
      archivePrefix={arXiv},
      primaryClass={math.DG},
      url={https://arxiv.org/abs/2406.05383}, 
}

@article{discrete_torsion,
author = {Braune, Theo and Gillespie, Mark and Tong, Yiying and Desbrun, Mathieu},
title = {Discrete Torsion of Connection Forms on Simplicial Meshes},
year = {2025},
issue_date = {August 2025},
publisher = {Association for Computing Machinery},
address = {New York, NY, USA},
volume = {44},
number = {4},
issn = {0730-0301},
url = {https://doi.org/10.1145/3731197},
doi = {10.1145/3731197},
journal = {ACM Trans. Graph.},
month = jul,
articleno = {67},
numpages = {10},
keywords = {discrete metric connections, parallel transport, discrete torsion, discrete levi-civita connections}
}


@book{evans_pde_2010,
  author    = {Lawrence C. Evans},
  title     = {Partial Differential Equations},
  edition   = {2},
  series    = {Graduate Studies in Mathematics},
  volume    = {19},
  publisher = {American Mathematical Society},
  year      = {2010},
  isbn      = {978-0-8218-4974-3}
}

@book{berline_heat_2004,
  author       = {Nicole Berline and Ezra Getzler and Mich{\`e}le Vergne},
  title        = {Heat Kernels and Dirac Operators},
  series       = {Grundlehren der Mathematischen Wissenschaften},
  volume       = {298},
  publisher    = {Springer},
  address      = {Berlin},
  year         = {2004},
  isbn         = {978-3-540-20062-8}
}

@article{vaz2019representation_spinor,
  author       = {Jayme Vaz, Jr.},
  title        = {Representation of surfaces using spinor operators},
  journal      = {Journal of Mathematical Physics},
  volume       = {60},
  number       = {2},
  pages        = {023509},
  year         = {2019},
  doi          = {10.1063/1.5054897},
  note         = {Received September 4, 2018; accepted February 3, 2019},
}

@article{vaz1997dirac,
  author    = {Jayme Vaz, Jr.},
  title     = {The Dirac Operator over Abelian Finite Groups},
  journal   = {arXiv preprint},
  eprint    = {hep-th/9706189},
  year      = {1997},
  note      = {arXiv:hep-th/9706189, 15 pages},
}

@misc{canzani2013analysis_laplacian,
  author       = {Yaiza Canzani},
  title        = {Notes for Analysis on Manifolds via the Laplacian},
  howpublished = {Lecture Notes, Math 253, Harvard University},
  year         = {2013},
  note         = {Fall semester course notes},
}

@InProceedings{singular_FEM,
author="Fix, George J.",
editor="Dwoyer, D. L.
and Hussaini, M. Y.
and Voigt, R. G.",
title="Singular Finite Element Methods",
booktitle="Finite Elements",
year="1988",
publisher="Springer New York",
address="New York, NY",
pages="50--66",
abstract="The key property of elliptic systems is that their solution tends to be as smooth as the data and other factors permit. This condition strikingly constrasts with hyperbolic systems, in which singular behavior (e.g., shocks) can arise even if all inputs are smooth.",
isbn="978-1-4612-3786-0"
}

@techreport{Cameron2025burgers,
  author       = {Cameron, Maria},
  title        = {Notes on Burgers's Equation},
  institution  = {University of Maryland, Department of Mathematics},
  year         = {2025},
  type         = {Technical Report or Lecture Notes},
  url          = {https://www.math.umd.edu/~mariakc/burgers.pdf},
  note         = {Accessed: 2025-09-06}
}

@article{Kac1966drum,
  author    = {Kac, Mark},
  title     = {Can One Hear the Shape of a Drum?},
  journal   = {The American Mathematical Monthly},
  volume    = {73},
  number    = {4, Part 2},
  pages     = {1--23},
  year      = {1966},
  publisher = {Mathematical Association of America},
  doi       = {10.2307/2313748}
}
